@inproceedings{sun2019perses,
	author = {Sun, Chengnian and Li, Yuanbo and Zhang, Qirun and Gu, Tianxiao and Su, Zhendong},
	title = {Perses: Syntax-Guided Program Reduction},
	year = {2018},
	isbn = {9781450356381},
	publisher = {Association for Computing Machinery},
	address = {New York, NY, USA},
	url = {https://doi.org/10.1145/3180155.3180236},
	doi = {10.1145/3180155.3180236},
	booktitle = {Proceedings of the 40th International Conference on Software Engineering},
	pages = {361–371},
	numpages = {11},
	keywords = {delta debugging, debugging, program reduction},
	location = {Gothenburg, Sweden},
	series = {ICSE ’18}
}

@misc{rigger2020testing,
	title={Testing Database Engines via Pivoted Query Synthesis},
	author={Manuel Rigger and Zhendong Su},
	year={2020},
	eprint={2001.04174},
	archivePrefix={arXiv},
	primaryClass={cs.DB}
}

@article{jung2019apollo,
	author = {Jung, Jinho and Hu, Hong and Arulraj, Joy and Kim, Taesoo and Kang, Woonhak},
	title = {APOLLO: Automatic Detection and Diagnosis of Performance Regressions in Database Systems},
	year = {2019},
	issue_date = {September 2019},
	publisher = {VLDB Endowment},
	volume = {13},
	number = {1},
	issn = {2150-8097},
	url = {https://doi.org/10.14778/3357377.3357382},
	doi = {10.14778/3357377.3357382},
	journal = {Proc. VLDB Endow.},
	month = sep,
	pages = {57–70},
	numpages = {14}
}

@inproceedings{regehr2012reduction,
	author = {Regehr, John and Chen, Yang and Cuoq, Pascal and Eide, Eric and Ellison, Chucky and Yang, Xuejun},
	title = {Test-Case Reduction for C Compiler Bugs},
	year = {2012},
	isbn = {9781450312059},
	publisher = {Association for Computing Machinery},
	address = {New York, NY, USA},
	url = {https://doi.org/10.1145/2254064.2254104},
	doi = {10.1145/2254064.2254104},
	booktitle = {Proceedings of the 33rd ACM SIGPLAN Conference on Programming Language Design and Implementation},
	pages = {335–346},
	numpages = {12},
	keywords = {random testing, compiler testing, test-case minimization, automated testing, compiler defect, bug reporting},
	location = {Beijing, China},
	series = {PLDI ’12}
}
